%%%%%%%%%%%%%%%%%%%%%%%%%%%
%% Banco de dados 
%% Jorge Fernandes
%%%%%%%%%%%%%%%%%%%%%%%%%%

%%%%%%%%%%%%%%%%%%%%%%%%%%%
%%  A
%%%%%%%%%%%%%%%%%%%%%%%%%%%

@Book{Ayr:ED:59,
	author = {Ayres, Jr., Frank},
	title = {Equa{\c c\~o}es Diferenciais},
	subtitle = {Resumo da teoria, problemas resolvidos, problemas propostos},
	year = {1959},
	address = {Rio de janeiro},
	publisher = {Mcgraw-Hill do Brasil}
}

@manual{NBR6023:2000,
	address={Rio de Janeiro},
	month={ago.},
	organization={Associa{\c c}{\~a}o Brasileira de Normas T{\'e}cnicas},
	org-short={ABNT},
	pages={22},
	subtitle={Informa{\c c}\~ao e documenta{\c c\~a}o --- Refer{\^e}ncias 
	  Elabora{\c c\~a}o},
	title={{NBR} 6023},
	year={2000}
}

@Incollection{And:FC:05,
	author = {Eliana Xavier Linhares de Andrade and Cleonice F{\'a}tima Bracciali},
	title  ={Fra\c{c}\~oes cont\'inuas},
	subtitle = {Propriedades e aplica{\c c\~oes}},
	year = {2005},
	address = {S{\~a}o Carlos}, 
	volume = {20},
	booktitle = {Notas em matem{\'a}tica aplicada},
	publisher = {SBMAC},
	note = {83 p.},
	optISBN = {85-7651-023-5},
}	


@Manual{And:BIL:00,
	author = {Lenimar Nunes de Andrade},
	title  = {Breve introdu{\c c\~a}o ao \LaTeXe},
	url = {ftp://tug.ctan.org/pub/tex-archive/info/lshort/portuguese-BR/breve.ps},
	howpublished =  {ftp://tug.ctan.org/pub/tex-archive/info/lshort/portuguese-BR/breve.ps},
	urlaccessdate = {31 mar. 2007},
	address = {Jo{\~a}o Pessoa},
	month = {abril},
	year = {2000},
}
%%%%%%%%%%%%%%%%%%%%%%%%%%%
%%  B
%%%%%%%%%%%%%%%%%%%%%%%%%%%




%%%%%%%%%%%%%%%%%%%%%%%%%%%
%%  C
%%%%%%%%%%%%%%%%%%%%%%%%%%%
@Article{Cas:C:02,
	author = {Renato Las Casas},
	title  = {Calend{\'a}rios},
	optmonth = {fev.},
	year = {2002},
	journal = {UFMG - Observat{\'o}rio astron{\^o}mico},
	url = {http://www.observatorio.ufmg.br/pas39.htm},
	urlaccessdate = {28 ago. 2007},
}



%%%%%%%%%%%%%%%%%%%%%%%%%%%
%%  D
%%%%%%%%%%%%%%%%%%%%%%%%%%%
@Book{Dom:AM:03,
	author = {Hygino Hugueros Domingues and Gelson Iezzi},
	title = {{\'A}lgebra Moderna},
	year = {2003},
	edition = {3},
	address = {S{\~a}o Paulo},
	publisher = {Atual},
	optISBN = {85-357-0401-9},
}


@TechReport{Dra:CBL:94,
	author =       {Nikos Drakos},
	institution =  {Computer Based Learning Unit, University of Leeds},
	title =        {The {\LaTeX} to {HTML} translator},
	year =         {1994},
	abstract-url = {http://cbl.leeds.ac.uk/nikos/tex2html/doc/manual/manual.html},
	document-size = {393.0 kbytes},
	url =          {http://cbl.leeds.ac.uk/nikos/tex2html/doc/latex2html.ps},
	month =        jan,
	type =         {Internal report},
	scope =        {hypertext},
}

%%%%%%%%%%%%%%%%%%%%%%%%%%%
%%  E
%%%%%%%%%%%%%%%%%%%%%%%%%%%

%%%%%%%%%%%%%%%%%%%%%%%%%%%
%%  F
%%%%%%%%%%%%%%%%%%%%%%%%%%%

%%%%%%%%%%%%%%%%%%%%%%%%%%%
%%  G
%%%%%%%%%%%%%%%%%%%%%%%%%%%
@ARTICLE{God:PAO:04, 
	author = {Hemar Godinho and de Lima, Neto, Jorge Fernandes and Paulo Henrique Azevedo Rodrigues}, 
	title = {On pairs of additive odd congruences}, 
	journal = {JP Jour. Algebra, Number Theory \& Appl.}, 
	volume = {4(1)},
	year = {2004}, 
	pages = {55--78}, 
} 


@Book{Gon:IA:79,
	author = {Adilson Gon\c calves},
	title = {Introdu\c c\~ao \`a \'Algebra},
	year = {1979},
	address = {Rio de Janeiro},
	publisher = {IMPA}
}


%%%%%%%%%%%%%%%%%%%%%%%%%%%
%%  H
%%%%%%%%%%%%%%%%%%%%%%%%%%%


@Book{Hef:CA:93,
	author = {Abramo Hefez},
	title = {Curso de {\´A}lgebra},
	year = {1993},
	address = {Rio de janeiro},
	publisher = {IMPA}
}


%%%%%%%%%%%%%%%%%%%%%%%%%%%
%%  I
%%%%%%%%%%%%%%%%%%%%%%%%%%%

@Book{Iez6:FME:93,
	author = {Gelson Iezzi},
	title = {Fundamentos de Matemática Elementar},
	year = {1993},
	edition = {6},
	address = {S{\~a}o Paulo},
	publisher = {Atual},
	note = {{v}.6.} 
}

@Misc{CTA,
	organization = {Institute for Dynamic Educational Advancement - IDEA},
	org-short={IDEA},
	title  ={Calendars through the ages},
	year = {1997},
	url = {http://webexhibits.org/calendars},
	urlaccessdate = {28 ago. 2007}
}

%%%%%%%%%%%%%%%%%%%%%%%%%%%
%%  J
%%%%%%%%%%%%%%%%%%%%%%%%%%%

%%%%%%%%%%%%%%%%%%%%%%%%%%%
%%  K
%%%%%%%%%%%%%%%%%%%%%%%%%%%

@Book{Kop:GDP:95,
	author={Helmut Kopka and Patrick W. Daly},
	title={A Guide to {\LaTeX}2e: Document Preparation for
	               Beginners and Advanced Users},
	publisher={Ad{\-d}i{\-s}on-Wes{\-l}ey},
	year={1995},
	ISBN={0-201-42777-X},
	LCCN={Z253.4.L38 K66 1995},
	address={Reading, MA, USA},
	edition={Second},
	pages={x + 554},
	price={US\$37.61},
	acknowledgement={ack-nhfb},
	bibdate={Thu May 25 15:18:31 1995},
}


@BOOK{Knu:TB:84,
	author={Donald E. Knuth},
	title={The {{\TeX}book}},
	publisher={Addison-Wesley},
	year={1984}
}

%%%%%%%%%%%%%%%%%%%%%%%%%%%
%%  L
%%%%%%%%%%%%%%%%%%%%%%%%%%%
@Article{Jun:UFC:06,
	author = {Divaldo P F J{\'u}nior and F{\'a}bio M S Lima},
	title = {Usando fra{\c c\~o}es cont{\'\i}nuas para resolver um problema de eletricidade de forma criativa},
	year  ={2006},
	journal = {F{\'\i}sica na escola},
	volume = {7},
	pages = {26-29},
	number = {1}
}


@Book{Lam:LDPS:96,
	author={Leslie Lamport},
	title={{\LaTeX}: {A} Document Preparation System},
	edition={Second},
	publisher={Addison-Wesley},
	address={Reading, MA, USA},
	year ={1996},
	ISBN ={0-201-52983-1},
}


@Book{Lei1:CGA:94,
	author={Louis Leithold},
	title={O {c\'a}lculo com geometria Anal{\'\i}tica},
	publisher={Harbra},
	address={S{\~a}o Paulo},
	edition={3},
	year={1994},
	optISBN={85-294-0094-1},
	note = {{v}. 1.},
}

@Book{Lei2:CGA:94,
	author={Louis Leithold},
	title={O {c\'a}lculo com geometria Anal{\'\i}tica},
	publisher={Harbra},
	address={S\~ao Paulo},
	edition={3},
	year={1994},
	optISBN={85-294-0094-1},
	note = {{v}.2.},
}

@Book{Lim:MEM1:01,
	author = {Elon Lages Lima and Paulo Cezar Pinto Carvalho and Eduardo Wagner and Augusto César Morgado},
	title = {A Matemática do Ensino Médio Volume 1},
	edition = {5},
	address = {Rio de Janeiro},
	year = {2001},
	publisher = {SBM},
	optISBM = {85-85818-10-7}
	}

@Book{Lim:MEM2:00,
	author = {Elon Lages Lima and Paulo Cezar Pinto Carvalho and Eduardo Wagner and Augusto César Morgado},
	title = {A Matemática do Ensino Médio Volume 2},
	edition = {3},
	year = {2000},
	address = {Rio de Janeiro},
	publisher = {SBM},
	optISBM = {85-85818-11-5}
}

@Book{Lim:MEM3:01,
	author = {Elon Lages Lima and Paulo Cezar Pinto Carvalho and Eduardo Wagner and Augusto César Morgado},
	title = {A Matemática do Ensino Médio Volume 3},
	edition = {3},
	address = {Rio de Janeiro},
	year = {2001},
	publisher = {SBM},
	optISBM = {85-85818-12-3}
}
@PhdThesis{Lim:CSP:05,
	author = {de Lima, Neto, Jorge Fernandes },
	title = {Condi{\c c\~o}es de solubilidade $p$-{\'a}dica para 
	pares de formas aditivas de grau {\'\i}mpar e um resultado 
	sobre v\'arias for\-mas aditivas de grau $p$},
	year = {2005},
	school = {Universidade de Bras{\'\i}lia},
	address = {Bras{\'\i}lia},
	type = {Doutorado em Matem\'atica},
	month = {Junho}
}


@Mastersthesis{Lim:TAV:00,
	author = {de Lima, Neto, Jorge Fernandes},
	title  = {O teorema da aproxima{\c c\~a}o para va\-lo\-ri\-za\-{\c c\~o}es e 
	a\-pli\-ca\-{\c c\~o}es},
	year = {2000},
	school = {Universidade Federal do Cear{\'a}},
	Address = {Fortaleza},
	type = {Mestrado em Matem{\'a}tica},
	month = {Abril}
}



%%%%%%%%%%%%%%%%%%%%%%%%%%%
%%  M
%%%%%%%%%%%%%%%%%%%%%%%%%%%
@Book{Mun1:C:82,
	author = {Mustafa A Munem and David J Foulis},
	title = {Cálculo},
	year = {1982},
	address = {Rio de Janeiro},
	publisher = {LTC},
	note = {{v}. 1.}
}

@Book{Mun2:C:82,
	author = {Mustafa A Munem and David J Foulis},
	title = {Cálculo},
	year = {1982},
	address = {Rio de Janeiro},
	publisher = {LTC},
	note = {{v}. 2.}
}

%%%%%%%%%%%%%%%%%%%%%%%%%%%
%% O
%%%%%%%%%%%%%%%%%%%%%%%%%%%

@Manual{Oet:UNT:06,
	author = {Tobias Oetiker and Hubert Partl And Irene Hyna And Elisabeth Schlegl},
	title  ={Uma n{\~a}o t{\~a}o pequena introdu{\c c\~a}o ao {\LaTeXe{}}},
	url = {ftp://tug.ctan.org/pub/tex-archive/info/lshort/portuguese/ptlshort.pdf},
	urlaccessdate = {31 mar. 2007},
	year = {2006},
	month = {maio},
	note = {Tradução portuguesa por Alberto Simões},
}



%%%%%%%%%%%%%%%%%%%%%%%%%%%
%% P
%%%%%%%%%%%%%%%%%%%%%%%%%%%

@Manual{Pak:CLS:05,
	author = {Scott Pakin},
	title  ={The Comprehensive {\LaTeX{}} Simbol List},
	url = {ftp://tug.ctan.org/pub/tex-archive/info/symbols/comprehensive/symbols-a4.pdf},
	urlaccessdate = {31 mar. 2007},
	month = {september},
	year = {2005},
}

%%%%%%%%%%%%%%%%%%%%%%%%%%%
%% R
%%%%%%%%%%%%%%%%%%%%%%%%%%%
@Book{Rei:GA:96,
	author={Gen{\'e}sio Lima dos Reis and Valdir Vilmar Silva},
	title={Geometria anal{\'\i}tica},
	publisher={LTC},
	address={Rio de Janeiro},
	edition={2},
	year={1996},
	optISBN={85-216-1065-3},
}


%%%%%%%%%%%%%%%%%%%%%%%%%%%
%%  S
%%%%%%%%%%%%%%%%%%%%%%%%%%%
@Book{San:ITN:03,
	author = {Jos{\'e} Pl{\'\i}nio de Oliveira Santos},
	title = {Introdu{\c c\~a}o {\`a} teoria dos N{\'u}meros},
	year = {2003},
	address = {Rio de Janeiro},
	publisher = {IMPA},
	optISBN = {85-244-0142-7}
}


@manual{Ste:LD:98,
	author={Klaus Steding-Jessen},
	title={{\LaTeX{}} Demo:{Exemplos com \LaTeXe{}}},
	url={http://biquinho.furg.br/tex-br/},
	urlaccessdate={14 jul. 2007},
	year={1998},
	month={jul},
}

 
 
 

%%%%%%%%%%%%%%%%%%%%%%%%%%%
%%  W
%%%%%%%%%%%%%%%%%%%%%%%%%%%
@manual{abntex,
	author = {G. Weber},
	title = {Estilo bibtex compat{\'\i}vel com a ``norma" 6023 da ABNT},
	url = {http://abntex.codigolivre.org.br},
	urlaccessdate = {14 jul. 2007},
	year = {2004},
	month = {mar},
} 

@Book{Win:VGA:00,
	author={Paulo Winterle},
	title={Vetores e geometria anal{\'\i}tica},
	publisher={Makron Books},
	address={S{\~a}o Paulo},
	edition={first},
	year={2000},
	ISBN={85-346-1109-2},
}